@article{itard2003trypanosomoses,
  title={Trypanosomoses: historique-r{\'e}partition g{\'e}ographique},
  author={Itard, J and Cuisance, D and Tacher, G},
  journal={Principales maladies infectieuses et parasitaires du b{\'e}tail. Europe et r{\'e}gions chaudes},
  pages={1607--1615},
  year={2003},
  publisher={Lavoisier Paris}
}

@article{Anyamba2005,
	author = {Anyamba, A and Tucker, CJ},
	title = {Analysis of Sahelian vegetation dynamics using NOAA-AVHRR NDVI data
	from 1981--2003},
	journal = {Journal of Arid Environments},
	year = {2005},
	volume = {63},
	pages = {596--614},
	number = {3},
	publisher = {Elsevier}
}

@article{Chantarat2009,
	author = {Chantarat, Sommarat and Mude, Andrew G and Barrett, Christopher B},
	title = {Willingness to pay for index based livestock insurance: results from
	a field experiment in northern Kenya},
	year = {2009},
	publisher = {Cornell University}
}

@book{Clarke2011,
	title = {A theory of rational demand for index insurance},
	publisher = {Department of Economics, University of Oxford},
	year = {2011},
	author = {Clarke, Daniel J}
}

@manual{GRASS_GIS_software,
	title = {Geographic Resources Analysis Support System (GRASS GIS) Software},
	author = {{GRASS Development Team}},
	organization = {Open Source Geospatial Foundation},
	year = {2008},
	url = {http://grass.osgeo.org}
}

@article{Gage2008,
	author = {Gage, Kenneth L and Burkot, Thomas R and Eisen, Rebecca J and Hayes,
	Edward B},
	title = {Climate and vectorborne diseases},
	journal = {American journal of preventive medicine},
	year = {2008},
	volume = {35},
	pages = {436--450},
	number = {5},
	publisher = {Elsevier}
}

@article{Geerts2001,
	author = {Geerts, Stanny and Holmes, Peter H and Eisler, Mark C and Diall,
	Oumar},
	title = {African bovine trypanosomiasis: the problem of drug resistance},
	journal = {Trends in parasitology},
	year = {2001},
	volume = {17},
	pages = {25--28},
	number = {1},
	publisher = {Elsevier}
}

@article{Moore2012,
	author = {Moore, Sean and Shrestha, Sourya and Tomlinson, Kyle W and Vuong,
	Holly},
	title = {Predicting the effect of climate change on African trypanosomiasis:
	integrating epidemiology with parasite and vector biology},
	journal = {Journal of The Royal Society Interface},
	year = {2012},
	volume = {9},
	pages = {817--830},
	number = {70},
	publisher = {The Royal Society}
}

@article{Ostfeld2009,
	author = {Ostfeld, Richard S},
	title = {Climate change and the distribution and intensity of infectious diseases},
	journal = {Ecology},
	year = {2009},
	volume = {90},
	pages = {903--905},
	number = {4},
	publisher = {Eco Soc America}
}

@article{Pagabeleguem2012,
	author = {Pagabeleguem, Souma{\"\i}la and Sangare, Mamadou and Bengaly, Zakaria
	and Akoudjin, Massouroudin and Belem, Adrien MG and Bouyer, Jeremy},
	title = {Climate, cattle rearing systems and African Animal Trypanosomosis
	risk in Burkina Faso},
	journal = {PloS one},
	year = {2012},
	volume = {7},
	pages = {e49762},
	number = {11},
	publisher = {Public Library of Science}
}

@manual{R2013,
	title = {R: A Language and Environment for Statistical Computing},
	author = {{R Development Core Team}},
	organization = {R Foundation for Statistical Computing},
	address = {Vienna, Austria},
	note = {{ISBN} 3-900051-07-0},
	url = {http://www.R-project.org/},
	year = {2014}
}

@article{Skees2008,
	author = {Skees, Jerry R},
	title = {Challenges for use of index-based weather insurance in lower income
	countries},
	journal = {Agricultural Finance Review},
	year = {2008},
	volume = {68},
	pages = {197--217},
	number = {1},
	publisher = {Emerald Group Publishing Limited}
}

@article{abavana2003tsetse,
	author = {Abavana, C.I.M.H.A.M.M. and Geerts, I.S.A.K.S.},
	title = {Tsetse and trypanosomoses in ghana in the twentieth century: a review},
	journal = {Revue {\'E}lev. M{\'e}d. v{\'e}t. Pays trop},
	year = {2003},
	volume = {56},
	pages = {27--32},
	number = {1-2}
}

@article{anyamba2005analysis,
	author = {Anyamba, A and Tucker, CJ},
	title = {Analysis of Sahelian vegetation dynamics using NOAA-AVHRR NDVI data
	from 1981--2003},
	journal = {Journal of Arid Environments},
	year = {2005},
	volume = {63},
	pages = {596--614},
	number = {3},
	publisher = {Elsevier}
}

@article{barbier1996method,
	author = {Barbier, B},
	title = {A method of bio-economic modeling at the micro-watershed level for
	the Central American hillsides},
	journal = {Fragile Lands Program, Environment and Production Technology Division,
	IFPRI, Washington DC},
	year = {1996}
}

@article{barnett2008poverty,
	author = {Barnett, Barry J and Barrett, Christopher B and Skees, Jerry R},
	title = {Poverty traps and index-based risk transfer products},
	journal = {World Development},
	year = {2008},
	volume = {36},
	pages = {1766--1785},
	number = {10},
	publisher = {Elsevier}
}

@article{barrett2008poverty,
	author = {Barrett, Christopher and Barnett, Barry J and Carter, Michael and
	Chantarat, Sommarat and Hansen, James and Mude, Andrew and Osgood,
	Daniel and Skees, Jerry and Turvey, Calum and Ward, M Neil},
	title = {Poverty traps and climate risk: limitations and opportunities of
	index-based risk financing},
	year = {2008}
}

@article{binswanger1980attitudes,
	author = {Binswanger, Hans P},
	title = {Attitudes toward risk: Experimental measurement in rural India},
	journal = {American journal of agricultural economics},
	year = {1980},
	volume = {62},
	pages = {395--407},
	number = {3},
	publisher = {Oxford University Press}
}

@article{binswanger1981attitudes,
	author = {Binswanger, Hans P},
	title = {Attitudes toward risk: Theoretical implications of an experiment
	in rural India},
	journal = {The Economic Journal},
	year = {1981},
	volume = {91},
	pages = {867--890},
	number = {364},
	publisher = {JSTOR}
}

@article{binswanger1983risk,
	author = {Binswanger, Hans P and Sillers, Donald A},
	title = {Risk aversion and credit constraints in farmers' decision-making:
	A reinterpretation},
	journal = {The Journal of Development Studies},
	year = {1983},
	volume = {20},
	pages = {5--21},
	number = {1},
	publisher = {Taylor \& Francis}
}

@article{binswanger2012there,
	author = {Binswanger-Mkhize, Hans P},
	title = {Is there too much hype about index-based agricultural insurance?},
	journal = {Journal of Development Studies},
	year = {2012},
	volume = {48},
	pages = {187--200},
	number = {2},
	publisher = {Taylor \& Francis}
}

@article{bogdan2010prospects,
	author = {Bogdan, A.T. and Miresan, V. and Sonea, A. and Chelmu, S. and Boboc,
	V. and Surdu, I. and Burlacu, R. and Diaconescu, D. and STRATEANU,
	A.},
	title = {Prospects for development of livestock production between 2010--2100
	based on integrated rural bioeconomics and ecoeconomics},
	journal = {Bulletin UASVM Animal Science and Biotechnologies},
	year = {2010},
	volume = {67},
	number = {1-2}
}

@article{boone2005quantifying,
	author = {Boone, R.B. and BurnSilver, S.B. and Thornton, P.K. and Worden, J.S.
	and Galvin, K.A.},
	title = {Quantifying declines in livestock due to land subdivision},
	journal = {Rangeland Ecology \& Management},
	year = {2005},
	volume = {58},
	pages = {523--532},
	number = {5}
}

@article{boone2007cattle,
	author = {Boone, RB and Wang, G.},
	title = {Cattle dynamics in African grazing systems under variable climates},
	journal = {Journal of arid environments},
	year = {2007},
	volume = {70},
	pages = {495--513},
	number = {3},
	publisher = {Elsevier}
}

@article{boone2011using,
	author = {Boone, R.B. and Galvin, K.A. and BurnSilver, S.B. and Thornton, P.K.
	and Ojima, D.S. and Jawson, J.R.},
	title = {Using coupled simulation models to link pastoral decision making
	and ecosystem services},
	journal = {Ecology and Society},
	year = {2011},
	volume = {16},
	pages = {6},
	number = {2}
}

@article{bouyer2006mapping,
	author = {Bouyer, J. and Guerrini, L. and Desquesnes, M. and de la Rocque,
	S. and Cuisance, D.},
	title = {Mapping African Animal Trypanosomosis risk from the sky},
	journal = {Veterinary research},
	year = {2006},
	volume = {37},
	pages = {633--645},
	number = {5}
}

@article{bouyer2010trypanosomoses,
	author = {Bouyer, J. and Solano, P. and De La Rocque, S. and Desquesnes, M.
	and Cuisance, D. and Itard, J. and Fr{\'e}zil, JL and Authi{\'e},
	E.},
	title = {Trypanosomoses: control methods},
	journal = {Infectious and parasitic diseases of livestock},
	year = {2010},
	publisher = {Lavoisier Tec\&Doc}
}

@article{bouyer2013community,
	author = {Bouyer, J{\'e}r{\'e}my and Bouyer, Fanny and Donadeu, Meritxell and
	Rowan, Tim and Napier, Grant},
	title = {Community-and farmer-based management of animal African trypanosomosis
	in cattle},
	journal = {Trends in parasitology},
	year = {2013},
	publisher = {Elsevier}
}

@phdthesis{bouyerecologie,
	author = {Bouyer, J.},
	title = {Écologie et contrôle des glossines et {\'e}pid{\'e}miologie des trypanosomoses
	animales africaines},
	school = {Université de Montpelllier II, FR},
	year = {2006}
}

@article{breiman2001random,
	author = {Breiman, Leo},
	title = {Random forests},
	journal = {Machine learning},
	year = {2001},
	volume = {45},
	pages = {5--32},
	number = {1},
	publisher = {Springer}
}

@article{brown2000review,
	author = {Brown, D.R.},
	title = {A review of bio-economic models},
	journal = {A paper prepared for the Cornell African Food Security and Natural
	Resource Management Program. Cornell Univ., Ithaca, New York},
	year = {2000},
	publisher = {Citeseer}
}

@book{budd1999dfid,
	title = {DFID-funded Tsetse and Trypanosome Research and Development since
	1980},
	publisher = {Department for International Development},
	year = {1999},
	author = {Budd, Leonard T and Britain, Great}
}

@article{carter2008insuring,
	author = {Carter, Michael R and Barrett, Christopher B and Boucher, Stephen
	and Chantarat, Sommarat and Galarza, Francisco and McPeak, John and
	Mude, AG and Trivelli, Carolina},
	title = {Insuring the never before insured: explaining index insurance through
	financial education games},
	year = {2008},
	publisher = {University of Wisconsin-Madison Department of Agricultural and Applied
	Economics}
}

@article{chantarat2009willingness,
	author = {Chantarat, Sommarat and Mude, Andrew G and Barrett, Christopher B},
	title = {Willingness to pay for index based livestock insurance: results from
	a field experiment in northern Kenya},
	year = {2009},
	publisher = {Cornell University}
}

@article{chantarat2012designing,
	author = {Chantarat, Sommarat and Mude, Andrew G and Barrett, Christopher B
	and Carter, Michael R},
	title = {Designing Index-Based Livestock Insurance for Managing Asset Risk
	in Northern Kenya},
	journal = {Journal of Risk and Insurance},
	year = {2012},
	publisher = {Wiley Online Library}
}

@techreport{clarke2010theory,
	author = {Clarke, Daniel},
	title = {A Theory of Rational Hedging},
	institution = {Mimeo, University of Oxford, Oxford, UK},
	year = {2010}
}

@phdthesis{clarke2011insurance,
	author = {Clarke, Daniel J},
	title = {Insurance design for developing countries},
	school = {Oxford University},
	year = {2011}
}

@article{clarke2011reinsuring,
	author = {Clarke, Daniel J},
	title = {Reinsuring the Poor: Group Microinsurance Design and Costly State
	Verification},
	journal = {Economics Series Working Papers},
	year = {2011},
	publisher = {University of Oxford, Department of Economics}
}

@book{clarke2011theory,
	title = {A theory of rational demand for index insurance},
	publisher = {Department of Economics, University of Oxford},
	year = {2011},
	author = {Clarke, Daniel J}
}

@phdthesis{coco2012drought,
	author = {Coco, Musaningabe Gratia},
	title = {Assessing vegetative drought from multi-temporal NDVI images},
	school = {University of Twente, International Institute for Gio-information
	Science and Earth Observation, The Netherlands},
	year = {2012}
}

@article{cole2012barriers,
	author = {Cole, Shawn and Gin{\'e}, Xavier and Tobacman, Jeremy and Townsend,
	Robert and Topalova, Petia and Vickery, James},
	title = {Barriers to household risk management: evidence from India},
	journal = {Harvard Business School Finance Working Paper},
	year = {2012},
	pages = {104--35},
	number = {09-116}
}

@article{collier2009weather,
	author = {Collier, Benjamin and Skees, Jerry and Barnett, Barry},
	title = {Weather index insurance and climate change: opportunities and challenges
	in lower income countries},
	journal = {The Geneva Papers on Risk and Insurance-Issues and Practice},
	year = {2009},
	volume = {34},
	pages = {401--424},
	number = {3},
	publisher = {Nature Publishing Group}
}

@article{de2008climate,
	author = {de La Rocque, S and Rioux, JA and Slingenbergh, J},
	title = {Climate change: effects on animal disease systems and implications
	for surveillance and control},
	journal = {Revue scientifique et technique-Office international des {\'e}pizooties},
	year = {2008},
	volume = {27},
	pages = {339--354},
	number = {2},
	publisher = {Office international des {\'e}pizooties}
}

@book{dessalegn2006modeling,
	title = {Modeling Farm Irrigation Decisions Under Rainfall Risk in the White-Volta
	Basin of Ghana: A Tool for Policy Analysis at the Farm-household
	Level},
	publisher = {Cuvillier},
	year = {2006},
	author = {Dessalegn, T.Y.}
}

@inproceedings{ding2011ndvi,
	author = {Ding, S and Rulinda, CM and Stein, A and Bijker, W},
	title = {NDVI time series and markov chains to model the change of fuzzy vegetative
	drought classes},
	booktitle = {Analysis of Multi-temporal Remote Sensing Images (Multi-Temp), 2011
	6th International Workshop on the},
	year = {2011},
	pages = {201--204},
	organization = {IEEE}
}

@article{dobson2009climate,
	author = {Dobson, A.},
	title = {Climate variability, global change, immunity, and the dynamics of
	infectious diseases},
	journal = {Ecology},
	year = {2009},
	volume = {90},
	pages = {920--927},
	number = {4},
	publisher = {Eco Soc America}
}

@inproceedings{doss2005perceptions,
	author = {Doss, Cheryl and McPeak, John and Barrett, Christopher B},
	title = {Perceptions of Risk within Pastoralist Households in Northern Kenya
	and Southern Ethiopia},
	booktitle = {AAEA annual meeting, Providence, RI},
	year = {2005},
	pages = {24--27}
}

@article{dougill2010anticipating,
	author = {Dougill, A.J. and Fraser, E.D.G. and Reed, M.S.},
	title = {Anticipating vulnerability to climate change in dryland pastoral
	systems: using dynamic systems models for the Kalahari},
	journal = {Ecology and Society},
	year = {2010},
	volume = {15},
	pages = {17},
	number = {2}
}

@article{ellis1994climate,
	author = {Ellis, J. and Galvin, K.A.},
	title = {Climate patterns and land-use practices in the dry zones of Africa},
	journal = {BioScience},
	year = {1994},
	pages = {340--349},
	publisher = {JSTOR}
}

@article{ewert2009methodology,
	author = {Ewert, F. and van Ittersum, M.K. and Bezlepkina, I. and Therond,
	O. and Andersen, E. and Belhouchette, H. and Bockstaller, C. and
	Brouwer, F. and Heckelei, T. and Janssen, S. and others},
	title = {A methodology for enhanced flexibility of integrated assessment in
	agriculture},
	journal = {Environmental science \& policy},
	year = {2009},
	volume = {12},
	pages = {546--561},
	number = {5},
	publisher = {Elsevier}
}

@article{fafchamps1998drought,
	author = {Fafchamps, Marcel and Udry, Christopher and Czukas, Katherine},
	title = {Drought and saving in West Africa: are livestock a buffer stock?},
	journal = {Journal of Development economics},
	year = {1998},
	volume = {55},
	pages = {273--305},
	number = {2},
	publisher = {Elsevier}
}

@article{fafchamps1999risk,
	author = {Fafchamps, Marcle},
	title = {Risk sharing and quasi-credit},
	journal = {Journal of International Trade \& Economic Development},
	year = {1999},
	volume = {8},
	pages = {257--278},
	number = {3},
	publisher = {Taylor \& Francis}
}

@book{fafchamps1999rural,
	title = {Rural poverty, risk and development},
	publisher = {FAO},
	year = {1999},
	author = {Fafchamps, Marcel},
	volume = {144}
}

@article{fafchamps2007formation,
	author = {Fafchamps, Marcel and Gubert, Flore},
	title = {The formation of risk sharing networks},
	journal = {Journal of Development Economics},
	year = {2007},
	volume = {83},
	pages = {326--350},
	number = {2},
	publisher = {Elsevier}
}

@article{faostat2009agriculture,
	author = {FAOSTAT, Food},
	title = {Agriculture Organization of the United Nations},
	journal = {Statistical Database},
	year = {2009}
}

@inproceedings{feldman1995,
	author = {Feldmann, U and Hendrichs, J},
	title = {The concept for integration of the sterile insect technique as a
	key component of future sub-regional, area-wide tsetse and trypanosomosis
	management operations},
	booktitle = {Animal Trypanosomosis: Vector and Disease Control Using Nuclear Techniues:
	Proceeding of the Second FAO/ IAEA Seminar for Africa, November 27–December
	1, 1995, Zanzibar, United Republic of Tanzania. Backhuys Publishers,
	Vienna, Austria, pp. 193–214},
	year = {1995},
	pages = {193--214},
	organization = {Food and Agriculture Organization of the United Nations (FAO)}
}

@incollection{feldmann2005potential,
	author = {Feldmann, U and Dyck, VA and Mattioli, RC and Jannin, J},
	title = {Potential impact of tsetse fly control involving the sterile insect
	technique},
	booktitle = {Sterile Insect Technique},
	publisher = {Springer},
	year = {2005},
	pages = {701--723}
}

@article{fernandez2006mobility,
	author = {Fernandez-Gimenez, M.E. and Le Febre, S.},
	title = {Mobility in pastoral systems: Dynamic flux or downward trend?},
	journal = {The International Journal of Sustainable Development and World Ecology},
	year = {2006},
	volume = {13},
	pages = {341--362},
	number = {5},
	publisher = {Taylor \& Francis}
}

@article{friedman2002stochastic,
	author = {Friedman, Jerome H},
	title = {Stochastic gradient boosting},
	journal = {Computational Statistics \& Data Analysis},
	year = {2002},
	volume = {38},
	pages = {367--378},
	number = {4},
	publisher = {Elsevier}
}

@article{gage2008climate,
	author = {Gage, K.L. and Burkot, T.R. and Eisen, R.J. and Hayes, E.B.},
	title = {Climate and vectorborne diseases},
	journal = {American journal of preventive medicine},
	year = {2008},
	volume = {35},
	pages = {436--450},
	number = {5},
	publisher = {Elsevier}
}

@article{galvin2004climate,
	author = {Galvin, K.A. and Thornton, P.K. and Boone, R.B. and Sunderland, J.},
	title = {Climate variability and impacts on East African livestock herders:
	the Maasai of Ngorongoro Conservation Area, Tanzania},
	journal = {African Journal of Range and Forage Science},
	year = {2004},
	volume = {21},
	pages = {183--189},
	number = {3},
	publisher = {Taylor \& Francis}
}

@book{gautam1994rural,
	title = {Rural demand for drought insurance},
	publisher = {World Bank-free PDF},
	year = {1994},
	author = {Gautam, Madhur and Hazell, PBR and Alderman, Harold},
	volume = {1383}
}

@article{geerts2001african,
	author = {Geerts, S. and Holmes, P.H. and Eisler, M.C. and Diall, O.},
	title = {African bovine trypanosomiasis: the problem of drug resistance},
	journal = {Trends in parasitology},
	year = {2001},
	volume = {17},
	pages = {25--28},
	number = {1},
	publisher = {Elsevier}
}

@article{gine2008patterns,
	author = {Gin{\'e}, Xavier and Townsend, Robert and Vickery, James},
	title = {Patterns of rainfall insurance participation in rural India},
	journal = {The World Bank Economic Review},
	year = {2008},
	volume = {22},
	pages = {539--566},
	number = {3},
	publisher = {World Bank}
}

@article{gine2009insurance,
	author = {Gin{\'e}, Xavier and Yang, Dean},
	title = {Insurance, credit, and technology adoption: Field experimental evidencefrom
	Malawi},
	journal = {Journal of Development Economics},
	year = {2009},
	volume = {89},
	pages = {1--11},
	number = {1},
	publisher = {Elsevier}
}

@article{goodland2009livestock,
	author = {Goodland, R. and Anhang, J. and others},
	title = {Livestock and climate change: what if the key actors in climate change
	are... cows, pigs, and chickens?},
	journal = {Livestock and climate change: what if the key actors in climate change
	are.... cows, pigs, and chickens?},
	year = {2009},
	publisher = {Worldwatch Institute}
}

@article{graming2006incentive,
	author = {Graming, BM and others},
	title = {Incentive compatibility in risk management of contagious livestock
	disease},
	journal = {The Economics of Livestock Disease Insurance. CABI Publishing},
	year = {2006},
	pages = {39--52}
}

@inproceedings{grannis2004animal,
	author = {Grannis, Jennifer L and Green, John W and Bruch, Megan L},
	title = {Animal health: the potential role for livestock disease insurance},
	booktitle = {A peer-reviewed publication from the Western Agricultural Economics
	Association Purpose One of the consequences of regional associations
	nationalizing their journals is that professional agricultural economists
	in each region have lost one of their best forums for exchanging
	ideas unique to their area of the country. The purpose of this publication
	is to provide a forum for western issues.},
	year = {2004},
	pages = {1}
}

@article{hamilton1989new,
	author = {Hamilton, James D},
	title = {A new approach to the economic analysis of nonstationary time series
	and the business cycle},
	journal = {Econometrica: Journal of the Econometric Society},
	year = {1989},
	pages = {357--384},
	publisher = {JSTOR}
}

@article{hanson2006insurability,
	author = {Hanson, Terry},
	title = {Insurability conditions and livestock disease insurance},
	journal = {The Economics of Livestock Disease Insurance: Concepts, Issues and
	International Case Studies},
	year = {2006},
	pages = {53},
	publisher = {CABI}
}

@book{hardaker2004coping,
	title = {Coping with risk in agriculture [electronic resource]},
	publisher = {CABI},
	year = {2004},
	author = {Hardaker, J Brian}
}

@book{hazell1986crop,
	title = {Crop insurance for agricultural development: issues and experrience},
	publisher = {IICA Biblioteca Venezuela},
	year = {1986},
	author = {Hazell, Peter BR and Pomareda, Carlos and Vald{\'e}s, Alberto}
}

@article{hazell1992appropriate,
	author = {Hazell, Peter BR},
	title = {The appropriate role of agricultural insurance in developing countries},
	journal = {Journal of International Development},
	year = {1992},
	volume = {4},
	pages = {567--581},
	number = {6},
	publisher = {Wiley Online Library}
}

@article{hellmuth2009index,
	author = {Hellmuth, Molly E and Osgood, Daniel E and Hess, Ulrich and Moorhead,
	Anne and Bhojwani, Haresh},
	title = {Index insurance and climate risk: Prospects for development and disaster
	management},
	year = {2009},
	publisher = {International Research Institute for Climate and Society}
}

@article{herrero2007impact,
	author = {Herrero, M. and Gonz{\'a}lez-Estrada, E. and Thornton, PK and Quiros,
	C. and Waithaka, MM and Ruiz, R. and Hoogenboom, G.},
	title = {IMPACT: Generic household-level databases and diagnostics tools for
	integrated crop-livestock systems analysis},
	journal = {Agricultural Systems},
	year = {2007},
	volume = {92},
	pages = {240--265},
	number = {1},
	publisher = {Elsevier}
}

@article{herrero2010coping,
	author = {Herrero, M. and Thornton, PK and Nouala, S. and Notenbaert, A. and
	Ericksen, P. and Leeuw, J.},
	title = {Coping with drought and climate change in the pastoral sector in
	Sub-Saharan Africa: Policy considerations},
	year = {2010}
}

@article{herrero2010drivers,
	author = {Herrero, M and Thornton, PK and Notenbaert, A and Msangi, S and Wood,
	S and Kruska, R and Dixon, J and Bossio, D and Steeg, J and Freeman,
	HA and others},
	title = {Drivers of change in crop-livestock systems and their potential impacts
	on agro-ecosystems services and human well-being to 2030},
	year = {2010},
	publisher = {ILRI}
}

@article{herrmann2005recent,
	author = {Herrmann, Stefanie M and Anyamba, Assaf and Tucker, Compton J},
	title = {Recent trends in vegetation dynamics in the African Sahel and their
	relationship to climate},
	journal = {Global Environmental Change},
	year = {2005},
	volume = {15},
	pages = {394--404},
	number = {4},
	publisher = {Elsevier}
}

@article{herve2002modelling,
	author = {Herv{\'e}, D. and Genin, D. and Migueis, J.},
	title = {A modelling approach for analysis of agro pastoral activity at the
	one-farm level},
	journal = {Agricultural Systems},
	year = {2002},
	volume = {71},
	pages = {187--206},
	number = {3},
	publisher = {Elsevier}
}

@article{hess2005weather,
	author = {Hess, Ulrich and Syroka, Joanna},
	title = {Weather-based insurance in Southern Africa},
	journal = {The Case of Malawi, World Bank, Washington, DC, USA},
	year = {2005}
}

@article{hill2011adoption,
	author = {Hill, Ruth and Hoddinott, John and Kumar, Neha},
	title = {Adoption of weather-index insurance: Learning from willingness to
	pay among a panel of households in rural Ethiopia},
	journal = {Available at SSRN 1799565},
	year = {2011}
}

@article{hursey1995tsetse,
	author = {Hursey, BS and Slingenbergh, J},
	title = {The tsetse fly and its effects on agriculture in sub-Saharan Africa},
	journal = {World Animal Review},
	year = {1995},
	pages = {67--73},
	publisher = {FOOD AND AGRICULTURAL ORGANIZATION}
}

@book{ipcc2007,
	title = {Climate change 2007: impacts, adaptation and vulnerability},
	publisher = {Intergovernmental Panel on Climate Change},
	year = {2007},
	author = {IPCC}
}

@article{janssen2007assessing,
	author = {Janssen, S. and Van Ittersum, M.K.},
	title = {Assessing farm innovations and responses to policies: A review of
	bio-economic farm models},
	journal = {Agricultural Systems},
	year = {2007},
	volume = {94},
	pages = {622--636},
	number = {3},
	publisher = {Elsevier}
}

@article{jones2009croppers,
	author = {Jones, P.G. and Thornton, P.K.},
	title = {Croppers to livestock keepers: livelihood transitions to 2050 in
	Africa due to climate change},
	journal = {environmental science \& policy},
	year = {2009},
	volume = {12},
	pages = {427--437},
	number = {4},
	publisher = {Elsevier}
}

@article{kazianga2006consumption,
	author = {Kazianga, Harounan and Udry, Christopher},
	title = {Consumption smoothing? Livestock, insurance and drought in rural
	Burkina Faso},
	journal = {Journal of Development Economics},
	year = {2006},
	volume = {79},
	pages = {413--446},
	number = {2},
	publisher = {Elsevier}
}

@article{keyantash2002quantification,
	author = {Keyantash, John and Dracup, John A},
	title = {The quantification of drought: an evaluation of drought indices},
	journal = {Bulletin of the American Meteorological Society},
	year = {2002},
	volume = {83},
	pages = {1167--1180},
	number = {8}
}

@article{kim1999state,
	author = {Kim, Chang-Jin and Nelson, Charles R},
	title = {State-space models with regime switching: classical and Gibbs-sampling
	approaches with applications},
	journal = {MIT Press Books},
	year = {1999},
	volume = {1},
	publisher = {the MIT Press}
}

@article{kogan2004derivation,
	title = {Derivation of pasture biomass in Mongolia from AVHRR-based vegetation health indices},
	author = {Kogan, F and Stark, R and Gitelson, A and Jargalsaikhan, L and Dugrajav, C and Tsooj, S},
	journal = {International Journal of Remote Sensing},
	volume = {25},
	number = {14},
	pages = {2889--2896},
	year = {2004},
	publisher = {Taylor \& Francis}
}

@book{krolzig1997markov,
	title = {Markov-switching vector autoregressions: Modelling, statistical inference,
	and application to business cycle analysis},
	publisher = {Springer Berlin},
	year = {1997},
	author = {Krolzig, Hans-Martin},
	volume = {454}
}

@article{lafferty2009ecology,
	author = {Lafferty, K.D.},
	title = {The ecology of climate change and infectious diseases},
	journal = {Ecology},
	year = {2009},
	volume = {90},
	pages = {888--900},
	number = {4},
	publisher = {Eco Soc America}
}

@article{lewis1992district,
	author = {Lewis, B.D. and Thorbecke, E.},
	title = {District-level economic linkages in Kenya: evidence based on a small
	regional social accounting matrix},
	journal = {World Development},
	year = {1992},
	volume = {20},
	pages = {881--897},
	number = {6},
	publisher = {Elsevier}
}

@article{linnerooth2006insurance,
	author = {Linnerooth-Bayer, Joanne and Mechler, Reinhard},
	title = {Insurance for assisting adaptation to climate change in developing
	countries: a proposed strategy},
	journal = {Climate policy},
	year = {2006},
	volume = {6},
	pages = {621--636},
	number = {6},
	publisher = {Taylor \& Francis}
}

@article{linstadter2010land,
	author = {Linst{\"a}dter, A. and Baumann, G. and Born, K. and Diekkr{\"u}ger,
	B. and Fritzsche, P. and Kirscht, H. and Klose, A.},
	title = {Land use and land cover in Southern Morocco: Managing unpredictable
	resources and extreme events},
	journal = {Impacts of Global Change on the Hydrological Cycle in West and Northwest
	Africa (eds. Speth P, Christoph M, Diekkr{\"u}ger B), Springer, Heidelberg,
	Germany},
	year = {2010}
}

@article{louhichi2010fssim,
	author = {Louhichi, K. and Kanellopoulos, A. and Janssen, S. and Flichman,
	G. and Blanco, M. and Hengsdijk, H. and Heckelei, T. and Berentsen,
	P. and Lansink, A.O. and Ittersum, M.V.},
	title = {FSSIM, a bio-economic farm model for simulating the response of EU
	farming systems to agricultural and environmental policies},
	journal = {Agricultural Systems},
	year = {2010},
	volume = {103},
	pages = {585--597},
	number = {8},
	publisher = {Elsevier}
}

@inproceedings{lubroth2012climate,
	author = {Lubroth, Juan and Meybeck, A and Lankoski, J and Redfern, S and Azzu,
	N and Gitz, V and others},
	title = {Climate change and animal health.},
	booktitle = {Building resilience for adaptation to climate change in the agriculture
	sector. Proceedings of a Joint FAO/OECD Workshop, Rome, Italy, 23-24
	April 2012.},
	year = {2012},
	pages = {63--70},
	organization = {Food and Agriculture Organization of the United Nations (FAO)}
}

@article{lybbert2012risk,
	author = {Lybbert, Travis J and McPeak, John},
	title = {Risk and intertemporal substitution: Livestock portfolios and off-take
	among Kenyan pastoralists},
	journal = {Journal of Development Economics},
	year = {2012},
	volume = {97},
	pages = {415--426},
	number = {2},
	publisher = {Elsevier}
}

@article{mahul2007managing,
	author = {Mahul, Olivier and Skees, Jerry},
	title = {Managing agricultural risk at the country level: The case of index-based
	livestock insurance in Mongolia},
	journal = {World Bank Policy Research Working Paper},
	year = {2007},
	number = {4325}
}

@article{mcpeak2004contrasting,
	author = {McPeak, John},
	title = {Contrasting income shocks with asset shocks: livestock sales in northern
	Kenya},
	journal = {Oxford Economic Papers},
	year = {2004},
	volume = {56},
	pages = {263--284},
	number = {2},
	publisher = {Oxford Univ Press}
}

@article{mishra2010review,
	author = {Mishra, Ashok K and Singh, Vijay P},
	title = {A review of drought concepts},
	journal = {Journal of Hydrology},
	year = {2010},
	volume = {391},
	pages = {202--216},
	number = {1},
	publisher = {Elsevier}
}

@article{mishra2011drought,
	author = {Mishra, Ashok K and Singh, Vijay P},
	title = {Drought modeling--A review},
	journal = {Journal of Hydrology},
	year = {2011},
	volume = {403},
	pages = {157--175},
	number = {1},
	publisher = {Elsevier}
}

@article{moore2012predicting,
	author = {Moore, S. and Shrestha, S. and Tomlinson, K.W. and Vuong, H.},
	title = {Predicting the effect of climate change on African trypanosomiasis:
	integrating epidemiology with parasite and vector biology},
	journal = {Journal of The Royal Society Interface},
	year = {2012},
	volume = {9},
	pages = {817--830},
	number = {70},
	publisher = {The Royal Society}
}

@article{mortelmans1984,
	author = {Mortelmans, J},
	title = {Socio-economic problems related to animal trypanosomiasis in Africa},
	journal = {Soc. Sci. Med.},
	year = {1984},
	volume = {19},
	pages = {1105--1007}
}

@article{morton2007impact,
	author = {Morton, J.F.},
	title = {The impact of climate change on smallholder and subsistence agriculture},
	journal = {Proceedings of the National Academy of Sciences},
	year = {2007},
	volume = {104},
	pages = {19680--19685},
	number = {50},
	publisher = {National Acad Sciences}
}

@article{mude2009index,
	author = {Mude, Andrew and Chantarat, Sommarat and Barrett, Chris and Carter,
	Michael and Ikegami, Munenobu and McPeak, John},
	title = {Index-based Livestock Insurance for Northern Kenya’s Arid and Semi
	Arid Lands: The Marsabit Pilot},
	journal = {Nairobi, Kenya: Project document, ILRI},
	year = {2009},
	pages = {14}
}

@article{nash1969africa,
	author = {Nash, Thomas Arthur Manly and others},
	title = {Africa's bane: the tsetse fly.},
	journal = {Africa's bane: the tsetse fly.},
	year = {1969},
	publisher = {London: Collins}
}

@book{national1981effect,
	title = {Effect of environment on nutrient requirements of domestic animals},
	publisher = {Natl Academy Pr},
	year = {1981},
	author = {NRC}
}

@inproceedings{norton2011investigating,
	author = {Norton, Michael and Holthaus, Eric and Madajewicz, Malgosia and Osgood,
	Daniel E and Peterson, Nicole and Gebremichael, Mengesha and Mullally,
	Conner and Teh, TseLing},
	title = {Investigating Demand for Weather Index Insurance: Experimental Evidence
	from Ethiopia},
	booktitle = {Annual Meeting Agricultural and Applied Economics Association, Pennsylvania},
	year = {2011}
}

@article{ostfeld2009climate,
	author = {Ostfeld, R.S.},
	title = {Climate change and the distribution and intensity of infectious diseases},
	journal = {Ecology},
	year = {2009},
	volume = {90},
	pages = {903--905},
	number = {4},
	publisher = {Eco Soc America}
}

@article{pagabeleguem2012climate,
	author = {Pagabeleguem, S. and Sangare, M. and Bengaly, Z. and Akoudjin, M.
	and Belem, A.M.G. and Bouyer, J.},
	title = {Climate, Cattle Rearing Systems and African Animal Trypanosomosis
	Risk in Burkina Faso},
	journal = {PloS one},
	year = {2012},
	volume = {7},
	pages = {e49762},
	number = {11},
	publisher = {Public Library of Science}
}

@book{parry2007climate,
	title = {Climate change 2007: impacts, adaptation and vulnerability},
	publisher = {Intergovernmental Panel on Climate Change},
	year = {2007},
	author = {IPCC}
}

@article{perez2009capturing,
	author = {P{\'e}rez Dom{\'\i}nguez, I. and Bezlepkina, I. and Heckelei, T.
	and Romstad, E. and Lansink, A.O. and Kanellopoulos, A.},
	title = {Capturing market impacts of farm level policies: a statistical extrapolation
	approach using biophysical characteristics and farm resources},
	journal = {Environmental Science \& Policy},
	year = {2009},
	volume = {12},
	pages = {588--600},
	number = {5},
	publisher = {Elsevier}
}

@article{rufino2007nuances,
	author = {Rufino, MC and Herrero, M. and Van Wijk, MT and de Ridder, N. and
	Giller, KE},
	title = {NUANCES--LIVSIM: The Livestock Simulator},
	journal = {Africa NUANCES Working Document},
	year = {2007},
	volume = {6}
}

@article{seo2008measuring,
	author = {Seo, S.N. and Mendelsohn, R.},
	title = {Measuring impacts and adaptations to climate change: a structural
	Ricardian model of African livestock management1},
	journal = {Agricultural economics},
	year = {2008},
	volume = {38},
	pages = {151--165},
	number = {2},
	publisher = {Wiley Online Library}
}

@article{simukoko2007comparative,
	author = {Simukoko, H. and Marcotty, T. and Phiri, I. and Geysen, D. and Vercruysse,
	J. and Van den Bossche, P.},
	title = {The comparative role of cattle, goats and pigs in the epidemiology
	of livestock trypanosomiasis on the plateau of eastern Zambia},
	journal = {Veterinary parasitology},
	year = {2007},
	volume = {147},
	pages = {231--238},
	number = {3},
	publisher = {Elsevier}
}

@article{skees2006designing,
	author = {Skees, Jerry R and Huirne, Ruud BM},
	title = {Designing epidemic livestock insurance},
	journal = {The Economics of Livestock Disease Insurance: Concepts, Issues and
	International Case Studies},
	year = {2006},
	pages = {126},
	publisher = {CABI}
}

@article{skees2008challenges,
	author = {Skees, Jerry R},
	title = {Challenges for use of index-based weather insurance in lower income
	countries},
	journal = {Agricultural Finance Review},
	year = {2008},
	volume = {68},
	pages = {197--217},
	number = {1},
	publisher = {Emerald Group Publishing Limited}
}

@article{skees2008potential,
	author = {Skees, Jerry R and Collier, Benjamin},
	title = {The potential of weather index insurance for spurring a green revolution
	in Africa},
	journal = {Global Ag Risk Inc},
	year = {2008}
}

@article{smith2000participatory,
	author = {Smith, Kevin and Barrett, Christopher B and Box, Paul W},
	title = {Participatory risk mapping for targeting research and assistance:
	with an example from East African pastoralists},
	journal = {World Development},
	year = {2000},
	volume = {28},
	pages = {1945--1959},
	number = {11},
	publisher = {Elsevier}
}

@article{stenseth2003mice,
	author = {Stenseth, N.C. and Leirs, H. and Skonhoft, A. and Davis, S.A. and
	Pech, R.P. and Andreassen, H.P. and Singleton, G.R. and Lima, M.
	and Machang'u, R.S. and Makundi, R.H. and others},
	title = {Mice, rats, and people: the bio-economics of agricultural rodent
	pests},
	journal = {Frontiers in Ecology and the Environment},
	year = {2003},
	volume = {1},
	pages = {367--375},
	number = {7},
	publisher = {Eco Soc America}
}

@article{terblanche2008thermal,
	author = {Terblanche, J.S. and Clusella-Trullas, S. and Deere, J.A. and Chown,
	S.L.},
	title = {Thermal tolerance in a south-east African population of the tsetse
	fly< i> Glossina pallidipes</i>(Diptera, Glossinidae): Implications
	for forecasting climate change impacts},
	journal = {Journal of Insect Physiology},
	year = {2008},
	volume = {54},
	pages = {114--127},
	number = {1},
	publisher = {Elsevier}
}

@article{thornton2001integrated,
	author = {Thornton, PK and Herrero, M.},
	title = {Integrated crop--livestock simulation models for scenario analysis
	and impact assessment},
	journal = {Agricultural Systems},
	year = {2001},
	volume = {70},
	pages = {581--602},
	number = {2},
	publisher = {Elsevier}
}

@article{thornton2004evaluating,
	author = {Thornton, PK and Fawcett, RH and Galvin, KA and Boone, RB and Hudson,
	JW and Vogel, CH},
	title = {Evaluating management options that use climate forecasts: modelling
	livestock production systems in the semi-arid zone of South Africa},
	journal = {Climate Research},
	year = {2004},
	volume = {26},
	pages = {33--42},
	number = {1},
	publisher = {INTER-RESEARCH}
}

@article{thornton2006cattle,
	author = {Thornton, PK and Robinson, TP and Kruska, RL and Jones, PG and McDermott,
	J and Reid, RS},
	title = {Cattle trypanosomiasis in Africa to 2030},
	journal = {Report for the Foresight Project on Detection of Infectious Diseases,
	Department of Trade and Industry, UK Government},
	year = {2006}
}

@article{thornton2007coping,
	author = {Thornton, P.K. and Boone, R.B. and Galvin, K.A. and BurnSilver, S.B.
	and Waithaka, M.M. and Kuyiah, J. and Karanja, S. and Gonz{\'a}lez-Estrada,
	E. and Herrero, M.},
	title = {Coping strategies in livestock-dependent households in East and southern
	Africa: a synthesis of four case studies},
	journal = {Human Ecology},
	year = {2007},
	volume = {35},
	pages = {461--476},
	number = {4},
	publisher = {Springer}
}

@article{thornton2007vulnerability,
	author = {Thornton, PK and Herrero, Mario and Freeman, HA and Mwai, AO and
	Rege, Ed and Jones, PG and McDermott, John},
	title = {Vulnerability, climate change and livestock--opportunities and challenges
	for the poor},
	year = {2007}
}

@article{thornton2009impacts,
	author = {Thornton, PK and Van de Steeg, J and Notenbaert, A and Herrero, M},
	title = {The impacts of climate change on livestock and livestock systems
	in developing countries: A review of what we know and what we need
	to know},
	journal = {Agricultural Systems},
	year = {2009},
	volume = {101},
	pages = {113--127},
	number = {3},
	publisher = {Elsevier}
}

@book{trevor2009elements,
	title = {The elements of statistical learning},
	publisher = {Springer New York},
	year = {2009},
	author = {Trevor. Hastie and Robert. Tibshirani and Friedman, J Jerome H},
	volume = {2}
}

@article{tucker1979red,
	author = {Tucker, Compton J},
	title = {Red and photographic infrared linear combinations for monitoring
	vegetation},
	journal = {Remote sensing of Environment},
	year = {1979},
	volume = {8},
	pages = {127--150},
	number = {2},
	publisher = {Elsevier}
}

@article{tucker2005extended,
	author = {Tucker, Compton J and Pinzon, Jorge E and Brown, Molly E and Slayback,
	Daniel A and Pak, Edwin W and Mahoney, Robert and Vermote, Eric F
	and El Saleous, Nazmi},
	title = {An extended AVHRR 8-km NDVI dataset compatible with MODIS and SPOT
	vegetation NDVI data},
	journal = {International Journal of Remote Sensing},
	year = {2005},
	volume = {26},
	pages = {4485--4498},
	number = {20},
	publisher = {Taylor \& Francis}
}

@article{van2008climate,
	author = {Van den Bossche, P and Coetzer, JAW},
	title = {Climate change and animal health in Africa},
	journal = {Revue scientifique et technique-Office international des {\'e}pizooties},
	year = {2008},
	volume = {27},
	pages = {551--562},
	number = {2},
	publisher = {Office international des {\'e}pizooties}
}

@article{van2008community,
	author = {Van Aalst, Maarten K and Cannon, Terry and Burton, Ian},
	title = {Community level adaptation to climate change: the potential role
	of participatory community risk assessment},
	journal = {Global Environmental Change},
	year = {2008},
	volume = {18},
	pages = {165--179},
	number = {1},
	publisher = {Elsevier}
}

@article{van2010changing,
	author = {Van den Bossche, Peter and Rocque, St{\'e}phane de La and Hendrickx,
	Guy and Bouyer, J{\'e}r{\'e}my},
	title = {A changing environment and the epidemiology of tsetse-transmitted
	livestock trypanosomiasis},
	journal = {Trends in parasitology},
	year = {2010},
	volume = {26},
	pages = {236--243},
	number = {5},
	publisher = {Elsevier}
}

@article{van2010characterization,
	author = {Van de Steeg, JA and Verburg, PH and Baltenweck, I. and Staal, SJ},
	title = {Characterization of the spatial distribution of farming systems in
	the Kenyan Highlands},
	journal = {Applied Geography},
	year = {2010},
	volume = {30},
	pages = {239--253},
	number = {2},
	publisher = {Elsevier}
}

@article{von1947theory,
	author = {Von Neumann, John and Morgenstern, Oskar},
	title = {The theory of games and economic behavior},
	year = {1947},
	publisher = {Princeton university press}
}

@article{vreysen2012tsetse,
	author = {Vreysen, Marc JB and Seck, Momar Talla and Sall, Baba and Bouyer,
	J{\'e}r{\'e}my},
	title = {Tsetse flies: their biology and control using area-wide integrated
	pest management approaches},
	journal = {Journal of Invertebrate Pathology},
	year = {2012},
	publisher = {Elsevier}
}

@book{west1997bayesian,
	title = {Bayesian Forecasting and Dynamic Models},
	publisher = {Springer},
	year = {1997},
	author = {West, M. and Harrison, J.},
	series = {Springer Series in Statistics}
}

@article{wilhite2005drought,
	author = {Wilhite, Donald A and Buchanan-Smith, Margie},
	title = {Drought as hazard: understanding the natural and social context},
	journal = {Drought and Water Crises},
	year = {2005},
	pages = {1}
}

@article{wolf2006livestock,
	author = {Wolf, Christopher A},
	title = {Livestock Disease Eradication Programmes and Farm Incentives: the
	Case of Bovine},
	journal = {The Economics of Livestock Disease Insurance: Concepts, Issues And
	International Case Studies},
	year = {2006},
	pages = {181},
	publisher = {CABI}
}

@book{zaal1999pastoralism,
	title = {Pastoralism in a global age: livestock marketing and pastoral commercial
	activities in Kenya and Burkina Faso.},
	publisher = {Thela Publishers},
	year = {1999},
	author = {Zaal, F. and others}
}

